<?xml version="1.0" encoding="UTF-8"?><record xmlns="http://www.loc.gov/MARC21/slim" xmlns:cinclude="http://apache.org/cocoon/include/1.0" xmlns:zs="http://www.loc.gov/zing/srw/">
  <leader>00622nz  a2200133n  4500</leader>
  <controlfield tag="001">no2007097852</controlfield>
  <controlfield tag="003">DLC</controlfield>
  <controlfield tag="005">20070826075209.0</controlfield>
  <controlfield tag="008">070824n| acannaabn          |n ana     c</controlfield>
  <datafield tag="010" ind1=" " ind2=" ">
    <subfield code="a">no2007097852</subfield>
  </datafield>
  <datafield tag="035" ind1=" " ind2=" ">
    <subfield code="a">(OCoLC)oca07503569</subfield>
  </datafield>
  <datafield tag="040" ind1=" " ind2=" ">
    <subfield code="a">FlMiFIUC</subfield>
    <subfield code="b">eng</subfield>
    <subfield code="c">FlMiFIUC</subfield>
  </datafield>
  <datafield tag="110" ind1="1" ind2=" ">
    <subfield code="a">Costa Rica.</subfield>
    <subfield code="b">Poder Judicial.</subfield>
    <subfield code="b">Departamento de Trabajo Social y Psicología</subfield>
  </datafield>
  <datafield tag="670" ind1=" " ind2=" ">
    <subfield code="a">La intervención del trabajo social y psicología en la administración de justicia Costarricense, 2006:</subfield>
    <subfield code="b">t.p. (Poder Judicial, Departamento de Trabajo Social y Psicología) Agradecimientos (Departamento de Trabajo Social y Psicología del Poder Judicial)</subfield>
  </datafield>
</record>